<record>
  <leader>01211nem a2200265 a 4500</leader>
  <controlfield tag="001">991000108439702696</controlfield>
  <controlfield tag="005">20170117052021.0</controlfield>
  <controlfield tag="008">051118s1865    xx            001 0 eng u</controlfield>
  <datafield tag="035" ind1=" " ind2=" ">
    <subfield code="a">(IL-JeALB)12211-972ai_inst</subfield>
  </datafield>
  <datafield tag="035" ind1=" " ind2=" ">
    <subfield code="a">12211</subfield>
    <subfield code="9">ExL</subfield>
  </datafield>
  <datafield tag="035" ind1=" " ind2=" ">
    <subfield code="a">map00000073</subfield>
  </datafield>
  <datafield tag="245" ind1="1" ind2="0">
    <subfield code="a">[Building plans of the American School of Oriental Research, Jerusalem.]</subfield>
    <subfield code="h">[map]</subfield>
  </datafield>
  <datafield tag="255" ind1=" " ind2=" ">
    <subfield code="a">Scale 1 cm. = 1 mm.</subfield>
  </datafield>
  <datafield tag="260" ind1=" " ind2=" ">
    <subfield code="a">[Jerusalem]</subfield>
    <subfield code="c">[ca. 1920]</subfield>
  </datafield>
  <datafield tag="300" ind1=" " ind2=" ">
    <subfield code="a">3 plans on 3 sheets ;</subfield>
    <subfield code="c">62.4 x 42 cm. and 60 x 35.5 cm.</subfield>
  </datafield>
  <datafield tag="500" ind1=" " ind2=" ">
    <subfield code="a">The plans are mounted on acid-free board. Nos. 1 and 2 are fastened at the corners.</subfield>
  </datafield>
  <datafield tag="505" ind1=" " ind2=" ">
    <subfield code="a">The work consists of three plans: 1. Basement (62.4 x 42 cm.); 2. First Floor (62.4 x 42 cm.); 3. Second Floor (60 x 35.5 cm.).</subfield>
  </datafield>
  <datafield tag="545" ind1=" " ind2=" ">
    <subfield code="a">An account of the plans and of the subsequent construction of the building can be found at</subfield>
    <subfield code="u">http://www.aiar.org/mission-and-history/dows-nies-memorial-building/</subfield>
  </datafield>
  <datafield tag="651" ind1=" " ind2="0">
    <subfield code="a">Asia</subfield>
    <subfield code="z">Middle East</subfield>
    <subfield code="z">Jerusalem</subfield>
    <subfield code="v">Plans.</subfield>
  </datafield>
  <datafield tag="653" ind1=" " ind2="0">
    <subfield code="a">ASOR</subfield>
  </datafield>
  <datafield tag="653" ind1=" " ind2="0">
    <subfield code="a">Albright Institute of Archaeological Research in Jerusalem</subfield>
  </datafield>
  <datafield tag="653" ind1=" " ind2="0">
    <subfield code="a">AIAR</subfield>
  </datafield>
  <datafield tag="710" ind1=" " ind2=" ">
    <subfield code="a">American School of Oriental Research in Jerusalem</subfield>
  </datafield>
  <datafield tag="949" ind1=" " ind2=" ">
    <subfield code="a">Maps - Open Shelf Cabinet, nos. 1,2,3</subfield>
  </datafield>
  <datafield tag="999" ind1=" " ind2=" ">
    <subfield code="a">MAP</subfield>
  </datafield>
</record>
